%% Dies ist ein Beispiel fuer BibTex-Dateien
%%
%% Im folgenden sind einige Beispiele und Templates gegeben.
%%
%% 
%% Der generelle Aufbau eines Bibtex-Eintrags ist folgender:
%%
%% <AT>Eintragstyp{label,
%%     erstesFeld = {Inhalt},
%%     zweitesFeld = "Inhalt",
%%     ...
%%     n-tesFeld = {Inhalt},
%% }
%%
%%
%% WARNUNG: Es werden nur diejenigen Eintraege in die Literaturliste aufgenommen,
%% die im Text mit \cite{label} referenziert wurden!
%%
%%
%% Die Namen der Felder eines Eintrags sollten selbsterklaerend sein.
%% Bei den Inhalten geht sowohl die Schreibweise mit {} als auch mit ""
%% Alle Zeilen der Felder muessen mit Komma abgeschlossen werden.
%%
%% Generell sollten mindestens alle Felder, die nicht mit OPT
%% als optional gekennzeichnet sind, ausgefuellt werden.
%% Bei optionalen Feldern muessen die 3 Buchstaben "OPT" geloescht werden, 
%% sonst wird das Feld nicht genommen!
%%
%%
%% Die wichtigsten Eintragstypen sind:
%%
%% Article: Aufsatz in einer Fachzeitschrift
%% InProceedings: Konferenzbeitrag in einem Sammelband
%% Techreport : Technischer Bericht
%% Book: klassische Monographie
%% PhDThesis: Doktorarbeit
%% MastersThesis: sonstige Abschlussarbeit
%% Misc: Fuer alles, was sonstwie veroeffentlicht wurde



@book{Rauber.2012,
 author = {Rauber, Thomas and R{\"u}nger, Gudula},
 year = {2012},
 title = {Parallele Programmierung},
 address = {Berlin, Heidelberg},
 publisher = {{Springer Berlin Heidelberg}},
 isbn = {978-3-642-13603-0},
 doi = {10.1007/978-3-642-13604-7},
 file = {1a574ac7-eaf6-4247-b370-80bdd1a0f634:C\:\\Users\\Tobias\\AppData\\Local\\Swiss Academic Software\\Citavi 6\\ProjectCache\\ppvxqvtj54nfazl0ongk1d51cp4do0yw4wwyw7wvm\\Citavi Attachments\\1a574ac7-eaf6-4247-b370-80bdd1a0f634.pdf:pdf}
}

@article{Burgess.2020,
 author = {Burgess, John},
 year = {2020},
 title = {RTX on---The NVIDIA Turing GPU},
 pages = {36--44},
 volume = {40},
 number = {2},
 issn = {0272-1732},
 journal = {IEEE Micro},
 doi = {10.1109/MM.2020.2971677},
 file = {09698586-9929-4793-adfe-b6067a7451a9:C\:\\Users\\Tobias\\AppData\\Local\\Swiss Academic Software\\Citavi 6\\ProjectCache\\ppvxqvtj54nfazl0ongk1d51cp4do0yw4wwyw7wvm\\Citavi Attachments\\09698586-9929-4793-adfe-b6067a7451a9.pdf:pdf}
}


@article{Lindholm.2008,
 author = {Lindholm, Erik and Nickolls, John and Oberman, Stuart and Montrym, John},
 year = {2008},
 title = {NVIDIA Tesla: A Unified Graphics and Computing Architecture},
 pages = {39--55},
 volume = {28},
 number = {2},
 issn = {0272-1732},
 journal = {IEEE Micro},
 doi = {10.1109/MM.2008.31},
 file = {0a011ab9-3bb2-4a4a-a098-f2bf2b46e06e:C\:\\Users\\Tobias\\AppData\\Local\\Swiss Academic Software\\Citavi 6\\ProjectCache\\ppvxqvtj54nfazl0ongk1d51cp4do0yw4wwyw7wvm\\Citavi Attachments\\0a011ab9-3bb2-4a4a-a098-f2bf2b46e06e.pdf:pdf}
}





@Article{thisdocument,
  author = 	 {Ich},
  title = 	 {Vorlage f√ºr das Hauptseminar},
  journal = 	 {Diese Zeitschrift},
  year = 	 {2008},
  OPTkey = 	 {},
  OPTvolume = 	 {},
  OPTnumber = 	 {},
  OPTpages = 	 {},
  OPTmonth = 	 {},
  note = 	 {Dieses Dokument solle sich selbst verlinken (Hilfe, Endlosrekursion!)},
  OPTannote = 	 {},
  url42 = {./Ausarbeitung\_Vorlage.pdf}
}

@InProceedings{ams05,
  author = 	 {M.~Schanz and 
  J.~Starke and
  R.~Lafrenz and 
  O.~Zweigle and 
  M.~Oubbati and 
  H.~Rajaie and 
  F.~Schreiber and 
  T.~Buchheim and 
  U.-P.~K{\"a}ppeler and 
  P.~Levi},
  title = 	 {{Dynamic Task Assignment in a Team of Agents}},
  booktitle = {Autonome Mobile Systeme },
  pages = 	 {11--18},
  year = 	 {2005},
  editor = 	 {P.~Levi},
  publisher = {Springer},
}


@Techreport{WB95,
  author =	 "G. Welch and G. Bishop",
  title =	 "An Introduction to the Kalman Filter",
  institution =	 "UNC-CH Computer Science",
  type =	 "Technical Report",
  number =	 "95-041",
  year =	 "1995",
  url =          {http://www.cs.unc.edu/~welch/media/pdf/kalman_intro.pdf},
  keywords =     {kalman}
}


%% Hier ist noch eine Besonderheit:
%% Ein Buch kann entweder einen Autor (oder natuerlich mehrere) haben,
%% aber auch als Sammelband einen Editor (oder mehrere)
%%
@Book{,
  ALTauthor = 	 {},
  ALTeditor = 	 {},
  title = 	 {},
  publisher = 	 {},
  year = 	 {},
  OPTkey = 	 {},
  OPTvolume = 	 {},
  OPTnumber = 	 {},
  OPTseries = 	 {},
  OPTaddress = 	 {},
  OPTedition = 	 {},
  OPTmonth = 	 {},
  OPTnote = 	 {},
  OPTannote = 	 {}
}


@PhdThesis{,
  author = 	 {},
  title = 	 {},
  school = 	 {},
  year = 	 {},
  OPTkey = 	 {},
  OPTtype = 	 {},
  OPTaddress = 	 {},
  OPTmonth = 	 {},
  OPTnote = 	 {},
  OPTannote = 	 {}
}

@MastersThesis{,
  author = 	 {},
  title = 	 {},
  school = 	 {},
  year = 	 {},
  OPTkey = 	 {},
  OPTtype = 	 {},
  OPTaddress = 	 {},
  OPTmonth = 	 {},
  OPTnote = 	 {},
  OPTannote = 	 {}
}


@Misc{,
  OPTkey = 	 {},
  OPTauthor = 	 {},
  OPTtitle = 	 {},
  OPThowpublished = {},
  OPTmonth = 	 {},
  OPTyear = 	 {},
  OPTnote = 	 {},
  OPTannote = 	 {}
}
