@inproceedings{tanabianAzami,
  author    = {M. M. {Tanabian} and B. {ZahirAzami}},
  booktitle = {Proceedings. 2005 IEEE International Engineering Management Conference, 2005.},
  title     = {Building high-performance team through effective job design for an early stage software start-up},
  year      = {2005},
  volume    = {2},
  pages     = {789-792},
  keywords  = {Buildings;Job design;Software design;Software systems;Software performance;Design engineering;System testing;Capacitive sensors;Productivity;Manufacturing industries},
  doi       = {10.1109/IEMC.2005.1559257},
  issn      = {2159-3604},
  month     = {Sep.}
}

@article{greenfieldStartup,
  author   = {C. {Giardino} and N. {Paternoster} and M. {Unterkalmsteiner} and T. {Gorschek} and P. {Abrahamsson}},
  journal  = {IEEE Transactions on Software Engineering},
  title    = {Software Development in Startup Companies: The Greenfield Startup Model},
  year     = {2016},
  volume   = {42},
  number   = {6},
  pages    = {585-604},
  keywords = {software development management;Greenfield startup model;software startups;software engineering issues;engineering practices;software development strategies;state-of-practice investigation;grounded theory approach;GSM;user feedback;time-to-market;Software;Companies;GSM;Context;Software engineering;History;Software Development;Startups;Grounded Theory;Software development;startups;grounded theory},
  doi      = {10.1109/TSE.2015.2509970},
  issn     = {2326-3881},
  month    = {June}
}
